@inproceedings{gaizauskas-wilks-1998-information,
    title = "Information Extraction: Beyond Document Retrieval",
    author = "Gaizauskas, Robert  and
      Wilks, Yorick",
    booktitle = "International Journal of Computational Linguistics {\&} {C}hinese Language Processing, Volume 3, Number 2, August 1998",
    month = aug,
    year = "1998",
    url = "https://aclanthology.org/O98-4002",
    pages = "17--60",
}

@article{grishman_2019, 
    title={Twenty-five years of information extraction}, 
    volume={25}, DOI={10.1017/S1351324919000512}, 
    number={6}, 
    journal={Natural Language Engineering}, 
    publisher={Cambridge University Press}, 
    author={Grishman, Ralph}, 
    year={2019}, 
    pages={677–692}
}

@misc{emilysharata,
  author = {Sharata, Emily},
  title = {Environmental job analysis with natural language processing},
  year = {2021},
  publisher = {GitHub},
  journal = {GitHub repository},
  howpublished = {\url{https://github.com/emilysharata/Thesis}},
  commit = {8de8f17a572956c17685aa38b92374784b487433}
}

@article{richardson2007beautiful,
  title={Beautiful soup documentation},
  author={Richardson, Leonard},
  journal={April},
  year={2007}
}

@ARTICLE{2020SciPy-NMeth,
  author  = {Virtanen, Pauli and others},
  title   = {{{SciPy} 1.0: Fundamental Algorithms for Scientific
            Computing in Python}},
  journal = {Nature Methods},
  year    = {2020},
  volume  = {17},
  pages   = {261--272},
  adsurl  = {https://rdcu.be/b08Wh},
  doi     = {10.1038/s41592-019-0686-2},
}

@ARTICLE{4160265,
  author={Hunter, John D.},
  journal={Computing in Science \& Engineering}, 
  title={Matplotlib: A 2D Graphics Environment}, 
  year={2007},
  volume={9},
  number={3},
  pages={90-95},
  doi={10.1109/MCSE.2007.55}}
  
@conference{Kluyver2016jupyter,
    Title = {Jupyter Notebooks -- a publishing format for reproducible computational workflows},
    Author = {Thomas Kluyver and others},
    Booktitle = {Positioning and Power in Academic Publishing: Players, Agents and Agendas},
    Editor = {F. Loizides and B. Schmidt},
    Organization = {IOS Press},
    Pages = {87--90},
    Year = {2016}
}

@book{10.5555/3208611,
author = {Di, Wei and Bhardwaj, Anurag and Wei, Jianing},
title = {Deep Learning Essentials: Your Hands-on Guide to the Fundamentals of Deep Learning and Neural Network Modeling},
year = {2018},
isbn = {1785880365},
publisher = {Packt Publishing},
}

@software{reback2020pandas,
    author       = {{The pandas development team}},
    title        = {pandas-dev/pandas: Pandas},
    month        = feb,
    year         = 2020,
    publisher    = {Zenodo},
    version      = {latest},
    doi          = {10.5281/zenodo.3509134},
    url          = {https://doi.org/10.5281/zenodo.3509134}
}

@InProceedings{ mckinney-proc-scipy-2010,
  author    = { {W}es {M}c{K}inney },
  title     = { {D}ata {S}tructures for {S}tatistical {C}omputing in {P}ython },
  booktitle = { {P}roceedings of the 9th {P}ython in {S}cience {C}onference },
  pages     = { 56 - 61 },
  year      = { 2010 },
  editor    = { {S}t\'efan van der {W}alt and {J}arrod {M}illman },
  doi       = { 10.25080/Majora-92bf1922-00a }
}

@misc{chollet2015keras,
  title={Keras},
  author={Chollet, Fran\c{c}ois and others},
  year={2015},
  howpublished={\url{https://keras.io}},
}

%%%%%%%%%

@Article{         harris2020array,
 title         = {Array programming with {NumPy}},
 author        = {Charles R. Harris and others},
 year          = {2020},
 month         = sep,
 journal       = {Nature},
 volume        = {585},
 number        = {7825},
 pages         = {357--362},
 doi           = {10.1038/s41586-020-2649-2},
 publisher     = {Springer Science and Business Media {LLC}},
 url           = {https://doi.org/10.1038/s41586-020-2649-2}
}

@InProceedings{TiedemannThottingal:EAMT2020,
  author = {J{\"o}rg Tiedemann and Santhosh Thottingal},
  title = {{OPUS-MT} — {B}uilding open translation services for the {W}orld},
  booktitle = {Proceedings of the 22nd Annual Conferenec of the European Association for Machine Translation (EAMT)},
  year = {2020},
  address = {Lisbon, Portugal}
 }
 
 %%%%%%%%%
@misc{tensorflow2015-whitepaper,
    title={ {TensorFlow}: Large-Scale Machine Learning on Heterogeneous Systems},
    url={https://www.tensorflow.org/},
    note={Software available from tensorflow.org},
    author={Mart\'in~Abadi and others},
  year={2015},
}

@article{DBLP:journals/corr/abs-1803-11175,
  author    = {Daniel Cer and
               others},
  title     = {Universal Sentence Encoder},
  journal   = {CoRR},
  volume    = {abs/1803.11175},
  year      = {2018},
  url       = {http://arxiv.org/abs/1803.11175},
  archivePrefix = {arXiv},
  eprint    = {1803.11175},
  timestamp = {Mon, 13 Aug 2018 16:46:40 +0200},
  biburl    = {https://dblp.org/rec/journals/corr/abs-1803-11175.bib},
  bibsource = {dblp computer science bibliography, https://dblp.org}
}